% !TeX root=preamble.tex

% Video shot detection

@article{cotsaces2006video,
  title={Video shot detection and condensed representation. a review},
  author={Cotsaces, Costas and Nikolaidis, Nikos and Pitas, Ioannis},
  journal={IEEE signal processing magazine},
  volume={23},
  number={2},
  pages={28--37},
  year={2006},
  publisher={IEEE}
}

@inproceedings{mas2003video,
  title={Video Shot Boundary Detection Based on Color Histogram.},
  author={Mas, Jordi and Fernandez, Gabriel},
  booktitle={TRECVID},
  year={2003}
}

@INPROCEEDINGS{7805554,
  author={Xu, Jingwei and Song, Li and Xie, Rong},
  booktitle={2016 Visual Communications and Image Processing (VCIP)}, 
  title={Shot boundary detection using convolutional neural networks}, 
  year={2016},
  volume={},
  number={},
  pages={1-4},
  doi={10.1109/VCIP.2016.7805554}
}

% Face detection

@misc{an2017cnns,
  title={CNNs for face detection and recognition},
  author={An, Yicheng and Wu, Jiafu and Yue, Chang},
  year={2017},
  publisher={Stanford, In CS231n: Convolutional Neural Networks for Visual Recognition~â€¦}
}

@article{zafeiriou2015survey,
  title={A survey on face detection in the wild: past, present and future},
  author={Zafeiriou, Stefanos and Zhang, Cha and Zhang, Zhengyou},
  journal={Computer Vision and Image Understanding},
  volume={138},
  pages={1--24},
  year={2015},
  publisher={Elsevier}
}

