
@inproceedings{meier1996painterly,
  title={Painterly rendering for animation},
  author={Meier, Barbara J},
  booktitle={Proceedings of the 23rd annual conference on Computer graphics and interactive techniques},
  pages={477--484},
  year={1996}
}

@inproceedings{painterly-animation-1,
  title={Image and video based painterly animation},
  author={Hays, James and Essa, Irfan},
  booktitle={Proceedings of the 3rd international symposium on Non-photorealistic animation and rendering},
  pages={113--120},
  year={2004}
}

@inproceedings{painterly-animation-2,
  title={Painterly animation using video semantics and feature correspondence},
  author={Lin, Liang and Zeng, Kun and Lv, Han and Wang, Yizhou and Xu, Yingqing and Zhu, Song-Chun},
  booktitle={Proceedings of the 8th International Symposium on Non-Photorealistic Animation and Rendering},
  pages={73--80},
  year={2010}
}

@article{painterly-animation-3,
  title={Anipaint: Interactive painterly animation from video},
  author={O'Donovan, Peter and Hertzmann, Aaron},
  journal={IEEE transactions on visualization and computer graphics},
  volume={18},
  number={3},
  pages={475--487},
  year={2011},
  publisher={IEEE}
}

@inproceedings{lucas1981iterative,
  title={An iterative image registration technique with an application to stereo vision},
  author={Lucas, Bruce D and Kanade, Takeo and others},
  year={1981},
  organization={Vancouver}
}

@article{horn1981determining,
  title={Determining optical flow},
  author={Horn, Berthold KP and Schunck, Brian G},
  journal={Artificial intelligence},
  volume={17},
  number={1-3},
  pages={185--203},
  year={1981},
  publisher={Elsevier}
}

@article{fennema1979velocity,
  title={Velocity determination in scenes containing several moving objects},
  author={Fennema, Claude L and Thompson, William B},
  journal={Computer graphics and image processing},
  volume={9},
  number={4},
  pages={301--315},
  year={1979},
  publisher={Elsevier}
}
