% Task 2
% Harris corners
@inproceedings{harris1988combined,
  title={A combined corner and edge detector},
  author={Harris, Chris and Stephens, Mike and others},
  booktitle={Alvey vision conference},
  volume={15},
  number={50},
  pages={10--5244},
  year={1988},
  organization={Citeseer}
}

% Task 6
% Zhang's Method
@article{zhang2000flexible,
  title={A flexible new technique for camera calibration},
  author={Zhang, Zhengyou},
  journal={IEEE Transactions on pattern analysis and machine intelligence},
  volume={22},
  number={11},
  pages={1330--1334},
  year={2000},
  publisher={IEEE}
}
